@article{template,
  author  = "",
  title   = "",
  journal = "",
  year    = "",
  volume  = "",
  number  = "",
  pages   = ""
}

% D-modules section
@article {Gieseker75,
    AUTHOR = {Gieseker, D.},
     TITLE = {Flat vector bundles and the fundamental group in non-zero
              characteristics},
   JOURNAL = {Ann. Scuola Norm. Sup. Pisa Cl. Sci. (4)},
  FJOURNAL = {Annali della Scuola Normale Superiore di Pisa. Classe di
              Scienze. Serie IV},
    VOLUME = {2},
      YEAR = {1975},
    NUMBER = {1},
     PAGES = {1--31},
      ISSN = {0391-173X},
   MRCLASS = {14D05 (14F05)},
  MRNUMBER = {382271},
MRREVIEWER = {J. H. M. Steenbrink},
       URL = {http://www.numdam.org/item?id=ASNSP_1975_4_2_1_1_0},
}

@book {D-mod_PS_RT,
    AUTHOR = {Hotta, Ryoshi and Takeuchi, Kiyoshi and Tanisaki, Toshiyuki},
     TITLE = {{$D$}-modules, perverse sheaves, and representation theory},
    SERIES = {Progress in Mathematics},
    VOLUME = {236},
      NOTE = {Translated from the 1995 Japanese edition by Takeuchi},
 PUBLISHER = {Birkh\"{a}user Boston, Inc., Boston, MA},
      YEAR = {2008},
     PAGES = {xii+407},
      ISBN = {978-0-8176-4363-8},
   MRCLASS = {32C38 (14F05 14F10 17B10)},
  MRNUMBER = {2357361},
MRREVIEWER = {Corrado Marastoni},
       DOI = {10.1007/978-0-8176-4523-6},
       URL = {https://doi.org/10.1007/978-0-8176-4523-6},
}
