@article{template,
  author  = "",
  title   = "",
  journal = "",
  year    = "",
  volume  = "",
  number  = "",
  pages   = ""
}

% Representation Theory
@book {humphreys,
    AUTHOR = {Humphreys, James E.},
     TITLE = {Linear algebraic groups},
    SERIES = {Graduate Texts in Mathematics, No. 21},
 PUBLISHER = {Springer-Verlag, New York-Heidelberg},
      YEAR = {1975},
     PAGES = {xiv+247},
   MRCLASS = {20GXX (14LXX)},
  MRNUMBER = {0396773},
MRREVIEWER = {T. Ono},
}

% D-modules
@article {bernstein-j_og-d-mod,
    AUTHOR = {Bernste\u{\i}n, I. N.},
     TITLE = {Modules over a ring of differential operators. {A}n
              investigation of the fundamental solutions of equations with
              constant coefficients},
   JOURNAL = {Funkcional. Anal. i Prilozen.},
  FJOURNAL = {Akademija Nauk SSSR. Funkcional\cprime nyi Analiz i ego Prilozenija},
    VOLUME = {5},
      YEAR = {1971},
    NUMBER = {2},
     PAGES = {1--16},
      ISSN = {0374-1990},
   MRCLASS = {46.40 (13.00)},
  MRNUMBER = {0290097},
MRREVIEWER = {S. Lojasiewicz},
}

@article {bernstein-j_og-b-function,
    AUTHOR = {Bernstein, I. N.},
     TITLE = {Analytic continuation of generalized functions with respect to
              a parameter},
   JOURNAL = {Funkcional. Anal. i Prilozen.},
  FJOURNAL = {Akademija Nauk SSSR. Funkcional\cprime nyi Analiz i ego Prilozenija},
    VOLUME = {6},
      YEAR = {1972},
    NUMBER = {4},
     PAGES = {26--40},
      ISSN = {0374-1990},
   MRCLASS = {46F10 (30A14)},
  MRNUMBER = {0320735},
MRREVIEWER = {S. Lojasiewicz},
}

@article {kashiwara-m_master-thesis,
    AUTHOR = {Kashiwara, Masaki},
     TITLE = {Erratum: ``{A}lgebraic study of systems of partial
              differential equations'' [{M}\'{e}m. {S}oc. {M}ath. {F}rance
              ({N}.{S}.) {N}o. 63 (1995); {MR}1384226 (97f:32012)]},
   JOURNAL = {Bull. Soc. Math. France},
  FJOURNAL = {Bulletin de la Soci\'{e}t\'{e} Math\'{e}matique de France},
    VOLUME = {125},
      YEAR = {1997},
    NUMBER = {2},
     PAGES = {313},
      ISSN = {0037-9484},
   MRCLASS = {32C38 (01A75 35A27 58G07)},
  MRNUMBER = {1478034},
       URL = {http://www.numdam.org/item?id=BSMF_1997__125_2_313_0},
}

@article {Gieseker75,
    AUTHOR = {Gieseker, D.},
     TITLE = {Flat vector bundles and the fundamental group in non-zero
              characteristics},
   JOURNAL = {Ann. Scuola Norm. Sup. Pisa Cl. Sci. (4)},
  FJOURNAL = {Annali della Scuola Normale Superiore di Pisa. Classe di
              Scienze. Serie IV},
    VOLUME = {2},
      YEAR = {1975},
    NUMBER = {1},
     PAGES = {1--31},
      ISSN = {0391-173X},
   MRCLASS = {14D05 (14F05)},
  MRNUMBER = {382271},
MRREVIEWER = {J. H. M. Steenbrink},
       URL = {http://www.numdam.org/item?id=ASNSP_1975_4_2_1_1_0},
}

@book {d-mod_ps-rt,
    AUTHOR = {Hotta, Ryoshi and Takeuchi, Kiyoshi and Tanisaki, Toshiyuki},
     TITLE = {{$D$}-modules, perverse sheaves, and representation theory},
    SERIES = {Progress in Mathematics},
    VOLUME = {236},
      NOTE = {Translated from the 1995 Japanese edition by Takeuchi},
 PUBLISHER = {Birkh\"{a}user Boston, Inc., Boston, MA},
      YEAR = {2008},
     PAGES = {xii+407},
      ISBN = {978-0-8176-4363-8},
   MRCLASS = {32C38 (14F05 14F10 17B10)},
  MRNUMBER = {2357361},
MRREVIEWER = {Corrado Marastoni},
       DOI = {10.1007/978-0-8176-4523-6},
       URL = {https://doi.org/10.1007/978-0-8176-4523-6},
}

@misc {jeffries_d-mod,
    AUTHOR = {Jack Jeffries},
     TITLE = {{$D$}-modules},
      NOTE = {Online Lecture Notes},
      YEAR = {2020},
       URL = {https://jack-jeffries.github.io/S2020/D-modules.pdf},
}

@misc {ginzburg_d-mod,
    AUTHOR = {Victor Ginzburg},
     TITLE = {Lectures on {$D$}-modules},
      NOTE = {Online Lecture Notes},
      YEAR = {1998},
       URL = {https://people.math.harvard.edu/~gaitsgde/grad_2009/Ginzburg.pdf},
}

@misc {bernstein_d-mod,
    AUTHOR = {Joseph Bernstein},
     TITLE = {Algebraic Theory of {$D$}-modules},
      NOTE = {Online Lecture Notes},
      YEAR = {},
       URL = {https://ncatlab.org/nlab/files/BernsteinDModule.pdf},
}

@book {d-mod-primer,
    AUTHOR = {Coutinho, S. C.},
     TITLE = {A primer of algebraic {$D$}-modules},
    SERIES = {London Mathematical Society Student Texts},
    VOLUME = {33},
 PUBLISHER = {Cambridge University Press, Cambridge},
      YEAR = {1995},
     PAGES = {xii+207},
      ISBN = {0-521-55119-6; 0-521-55908-1},
   MRCLASS = {32C38 (16S32)},
  MRNUMBER = {1356713},
MRREVIEWER = {Arno van den Essen},
       DOI = {10.1017/CBO9780511623653},
       URL = {https://doi.org/10.1017/CBO9780511623653},
}

@article {ksmith-diff-op,
    AUTHOR = {Smith, Karen E. and Van den Bergh, Michel},
     TITLE = {Simplicity of rings of differential operators in prime
              characteristic},
   JOURNAL = {Proc. London Math. Soc. (3)},
  FJOURNAL = {Proceedings of the London Mathematical Society. Third Series},
    VOLUME = {75},
      YEAR = {1997},
    NUMBER = {1},
     PAGES = {32--62},
      ISSN = {0024-6115},
   MRCLASS = {16S32},
  MRNUMBER = {1444312},
MRREVIEWER = {Ian M. Musson},
       DOI = {10.1112/S0024611597000257},
       URL = {https://doi.org/10.1112/S0024611597000257},
}

@article {ksmith95-d-mod-f-split,
    AUTHOR = {Smith, Karen E.},
     TITLE = {The {$D$}-module structure of {$F$}-split rings},
   JOURNAL = {Math. Res. Lett.},
  FJOURNAL = {Mathematical Research Letters},
    VOLUME = {2},
      YEAR = {1995},
    NUMBER = {4},
     PAGES = {377--386},
      ISSN = {1073-2780},
   MRCLASS = {13N10 (13A35 13A50 16S32)},
  MRNUMBER = {1355702},
MRREVIEWER = {Ian M. Aberbach},
       DOI = {10.4310/MRL.1995.v2.n4.a1},
       URL = {https://doi.org/10.4310/MRL.1995.v2.n4.a1},
}

@incollection {smith86-diff-op,
    AUTHOR = {Smith, S. P.},
     TITLE = {Differential operators on the affine and projective lines in
              characteristic {$p>0$}},
 BOOKTITLE = {S\'{e}minaire d'alg\`ebre {P}aul {D}ubreil et {M}arie-{P}aule
              {M}alliavin, 37\`eme ann\'{e}e ({P}aris, 1985)},
    SERIES = {Lecture Notes in Math.},
    VOLUME = {1220},
     PAGES = {157--177},
 PUBLISHER = {Springer, Berlin},
      YEAR = {1986},
   MRCLASS = {16A72 (13N05 14F10)},
  MRNUMBER = {926303},
MRREVIEWER = {Burkhard Haastert},
       DOI = {10.1007/BFb0099511},
       URL = {https://doi.org/10.1007/BFb0099511},
}

@article {jack21-der-func,
    AUTHOR = {Jeffries, Jack},
     TITLE = {Derived functors of differential operators},
   JOURNAL = {Int. Math. Res. Not. IMRN},
  FJOURNAL = {International Mathematics Research Notices. IMRN},
      YEAR = {2021},
    NUMBER = {7},
     PAGES = {4920--4940},
      ISSN = {1073-7928},
   MRCLASS = {13N10 (13A35 14B05 18G10)},
  MRNUMBER = {4241118},
       DOI = {10.1093/imrn/rny284},
       URL = {https://doi.org/10.1093/imrn/rny284},
}

@article {amon92,
    AUTHOR = {Yekutieli, Amnon},
     TITLE = {An explicit construction of the {G}rothendieck residue
              complex},
      NOTE = {With an appendix by Pramathanath Sastry},
   JOURNAL = {Ast\'{e}risque},
  FJOURNAL = {Ast\'{e}risque},
    NUMBER = {208},
      YEAR = {1992},
     PAGES = {127},
      ISSN = {0303-1179},
   MRCLASS = {14F10 (12J10 14B15)},
  MRNUMBER = {1213064},
MRREVIEWER = {Reinhold H\"{u}bl},
}

@misc {cschnell,
    AUTHOR = {Christian Schnell},
     TITLE = {Algebraic {$D$}-Modules},
      NOTE = {Online Lecture Notes},
      YEAR = {2019},
       URL = {http://www.math.stonybrook.edu/~cschnell/mat615/}
}

@article {gabber,
    AUTHOR = {Gabber, Ofer},
     TITLE = {The integrability of the characteristic variety},
   JOURNAL = {Amer. J. Math.},
  FJOURNAL = {American Journal of Mathematics},
    VOLUME = {103},
      YEAR = {1981},
    NUMBER = {3},
     PAGES = {445--468},
      ISSN = {0002-9327},
   MRCLASS = {58G07 (16A03 16A05 32A45)},
  MRNUMBER = {618321},
MRREVIEWER = {Zoghman Mebkhout},
       DOI = {10.2307/2374101},
       URL = {https://doi.org/10.2307/2374101},
}

@inproceedings {sato-kawai-kashiwara,
    AUTHOR = {Sato, Mikio and Kawai, Takahiro and Kashiwara, Masaki},
     TITLE = {Microfunctions and pseudo-differential equations},
 BOOKTITLE = {Hyperfunctions and pseudo-differential equations ({P}roc.
              {C}onf., {K}atata, 1971; dedicated to the memory of {A}ndr\'{e}
              {M}artineau)},
     PAGES = {265--529. Lecture Notes in Math., Vol. 287},
      YEAR = {1973},
   MRCLASS = {58G15 (32C35 35N10)},
  MRNUMBER = {0420735},
MRREVIEWER = {P. Schapira},
}

@article {kashiwara-b-functions,
    AUTHOR = {Kashiwara, Masaki},
     TITLE = {{$B$}-functions and holonomic systems. {R}ationality of roots
              of {$B$}-functions},
   JOURNAL = {Invent. Math.},
  FJOURNAL = {Inventiones Mathematicae},
    VOLUME = {38},
      YEAR = {1976/77},
    NUMBER = {1},
     PAGES = {33--53},
      ISSN = {0020-9910},
   MRCLASS = {32C40 (58G15)},
  MRNUMBER = {430304},
MRREVIEWER = {Helmut Hamm},
       DOI = {10.1007/BF01390168},
       URL = {https://doi.org/10.1007/BF01390168},
}


@misc {mpopa-b-function,
    AUTHOR = {Mihnea Popa},
     TITLE = {The Bernstein Sato Polynomial},
      NOTE = {Online Lecture Notes},
      YEAR = {2021},
       URL = {https://people.math.harvard.edu/~mpopa/notes/Bernstein-Sato-notes.pdf}
}

% Commutative Algebra
@book {am,
    AUTHOR = {Atiyah, M. F. and Macdonald, I. G.},
     TITLE = {Introduction to commutative algebra},
    SERIES = {Addison-Wesley Series in Mathematics},
   EDITION = {economy},
      NOTE = {For the 1969 original see [ MR0242802]},
 PUBLISHER = {Westview Press, Boulder, CO},
      YEAR = {2016},
     PAGES = {ix+128},
      ISBN = {978-0-8133-5018-9; 0-201-00361-9; 0-201-40751-5},
   MRCLASS = {13-01 (13-00)},
  MRNUMBER = {3525784},
}

@book {artin-algebra,
    AUTHOR = {Artin, Michael},
     TITLE = {Algebra},
 PUBLISHER = {Prentice Hall, Inc., Englewood Cliffs, NJ},
      YEAR = {1991},
     PAGES = {xviii+618},
      ISBN = {0-13-004763-5},
   MRCLASS = {00A05 (11-01 12-01 13-01 15-01 16-01 20-01)},
  MRNUMBER = {1129886},
MRREVIEWER = {Gerald J. Janusz},
}

@book {dummit-foote,
    AUTHOR = {Dummit, David S. and Foote, Richard M.},
     TITLE = {Abstract algebra},
   EDITION = {Third},
 PUBLISHER = {John Wiley \& Sons, Inc., Hoboken, NJ},
      YEAR = {2004},
     PAGES = {xii+932},
      ISBN = {0-471-43334-9},
   MRCLASS = {00-01 (16-01 20-01)},
  MRNUMBER = {2286236},
}

@book {eisenbud-com-alg,
    AUTHOR = {Eisenbud, David},
     TITLE = {Commutative algebra},
    SERIES = {Graduate Texts in Mathematics},
    VOLUME = {150},
      NOTE = {With a view toward algebraic geometry},
 PUBLISHER = {Springer-Verlag, New York},
      YEAR = {1995},
     PAGES = {xvi+785},
      ISBN = {0-387-94268-8; 0-387-94269-6},
   MRCLASS = {13-01 (14A05)},
  MRNUMBER = {1322960},
MRREVIEWER = {Matthew Miller},
       DOI = {10.1007/978-1-4612-5350-1},
       URL = {https://doi.org/10.1007/978-1-4612-5350-1},
}

% Algebraic Geometry
@book {hartshorne,
    AUTHOR = {Hartshorne, Robin},
     TITLE = {Algebraic geometry},
    SERIES = {Graduate Texts in Mathematics, No. 52},
 PUBLISHER = {Springer-Verlag, New York-Heidelberg},
      YEAR = {1977},
     PAGES = {xvi+496},
      ISBN = {0-387-90244-9},
   MRCLASS = {14-01},
  MRNUMBER = {0463157},
MRREVIEWER = {Robert Speiser},
}

@book {bruns-herzog,
    AUTHOR = {Bruns, Winfried and Herzog, J\"{u}rgen},
     TITLE = {Cohen-{M}acaulay rings},
    SERIES = {Cambridge Studies in Advanced Mathematics},
    VOLUME = {39},
 PUBLISHER = {Cambridge University Press, Cambridge},
      YEAR = {1993},
     PAGES = {xii+403},
      ISBN = {0-521-41068-1},
   MRCLASS = {13H10 (13-02)},
  MRNUMBER = {1251956},
MRREVIEWER = {Matthew Miller},
}

% Toric geometry
@book {Cox-Little-Schenck,
    AUTHOR = {Cox, David A. and Little, John B. and Schenck, Henry K.},
     TITLE = {Toric varieties},
    SERIES = {Graduate Studies in Mathematics},
    VOLUME = {124},
 PUBLISHER = {American Mathematical Society, Providence, RI},
      YEAR = {2011},
     PAGES = {xxiv+841},
      ISBN = {978-0-8218-4819-7},
   MRCLASS = {14M25 (05A15 05E45 52B12)},
  MRNUMBER = {2810322},
MRREVIEWER = {Ivan Arzhantsev},
       DOI = {10.1090/gsm/124},
       URL = {https://doi.org/10.1090/gsm/124},
}

% Algebraic Topology and Category Theory
@book {hatcher,
    AUTHOR = {Hatcher, Allen},
     TITLE = {Algebraic topology},
 PUBLISHER = {Cambridge University Press, Cambridge},
      YEAR = {2002},
     PAGES = {xii+544},
      ISBN = {0-521-79160-X; 0-521-79540-0},
   MRCLASS = {55-01 (55-00)},
  MRNUMBER = {1867354},
MRREVIEWER = {Donald W. Kahn},
}

% Non-Commutative Algebra
@book {mcconnell-robson,
    AUTHOR = {McConnell, J. C. and Robson, J. C.},
     TITLE = {Noncommutative {N}oetherian rings},
    SERIES = {Graduate Studies in Mathematics},
    VOLUME = {30},
   EDITION = {Revised},
      NOTE = {With the cooperation of L. W. Small},
 PUBLISHER = {American Mathematical Society, Providence, RI},
      YEAR = {2001},
     PAGES = {xx+636},
      ISBN = {0-8218-2169-5},
   MRCLASS = {16P40 (16-02)},
  MRNUMBER = {1811901},
       DOI = {10.1090/gsm/030},
       URL = {https://doi.org/10.1090/gsm/030},
}

@article {muhasky,
    AUTHOR = {Muhasky, Jerry L.},
     TITLE = {The differential operator ring of an affine curve},
   JOURNAL = {Trans. Amer. Math. Soc.},
  FJOURNAL = {Transactions of the American Mathematical Society},
    VOLUME = {307},
      YEAR = {1988},
    NUMBER = {2},
     PAGES = {705--723},
      ISSN = {0002-9947},
   MRCLASS = {16A05 (13E15 14H99 16A33)},
  MRNUMBER = {940223},
MRREVIEWER = {K. R. Goodearl},
       DOI = {10.2307/2001194},
       URL = {https://doi.org/10.2307/2001194},
}

@article {affine-hopf-algebras,
    AUTHOR = {Heyneman, Robert G. and Sweedler, Moss Eisenberg},
     TITLE = {Affine {H}opf algebras. {I}},
   JOURNAL = {J. Algebra},
  FJOURNAL = {Journal of Algebra},
    VOLUME = {13},
      YEAR = {1969},
     PAGES = {192--241},
      ISSN = {0021-8693},
   MRCLASS = {13.90 (18.00)},
  MRNUMBER = {245570},
MRREVIEWER = {K.-T. Chen},
       DOI = {10.1016/0021-8693(69)90071-4},
       URL = {https://doi.org/10.1016/0021-8693(69)90071-4},
}

% Miscellaneous
@misc{jet-spaces-exposition,
	   doi = {10.48550/ARXIV.MATH/0405563},
       url = {https://arxiv.org/abs/math/0405563},
	author = {Moosa, Rahim},
  keywords = {Logic (math.LO), Complex Variables (math.CV), FOS: Mathematics, FOS: Mathematics, 32C15 (Primary), 03C99 (Secondary)},
     title = {Jet spaces in complex analytic geometry: an exposition},
 publisher = {arXiv},
	  year = {2004},
 copyright = {Assumed arXiv.org perpetual, non-exclusive license to distribute this article for submissions made before January 2004}
}

@article {cayley-identity,
    AUTHOR = {Fulmek, Markus},
     TITLE = {A combinatorial proof for {C}ayley's identity},
   JOURNAL = {Electron. J. Combin.},
  FJOURNAL = {Electronic Journal of Combinatorics},
    VOLUME = {21},
      YEAR = {2014},
    NUMBER = {4},
     PAGES = {Paper 4.40, 17},
   MRCLASS = {05A19},
  MRNUMBER = {3292277},
MRREVIEWER = {Mircea Merca},
}
